@book{Langtangen:2014:PSP:2676454,
	author = {Langtangen, Hans Petter},
	title = {A Primer on Scientific Programming with Python},
	year = {2014},
	isbn = {3642549586, 9783642549588},
	edition = {4th},
	publisher = {Springer Publishing Company, Incorporated},
}
